@Book{Sample_book,
    title = {Sample Title},
    author = {Sample Author},
    editor = {Sample Editor},
    year = {2015},
    publisher = {Sample Publisher},
    adress = {123 Sample Street, Sampleton, AB 1234},
    edition = {1},
    pages = {1--3}
}
@Misc{Sample_site,
    title = {Sample Title},
    author = {Sample Author},
    year = 2015,
    month = feb,
    howpublished = {\url{http://www.example.org/}},
    publisher = {},
    note = {Accessed: 2015-02-10}
    }
@article{Sample_article,
    title = {Sample Title},
    author = {Sample Author},
    journal = {Sample Journal},
    publisher = {Sample Publisher},
    year = 2015,
    month = feb,
    }
@techreport{Sample_report,
    title     = {Sample Title},
    author    = {Sample Author},
    institution = {TU Delft},
    year      = 2015,
    month    = feb,
}
